<record><leader>00000cas a2200000 a 4500</leader><controlfield tag="001">1769187</controlfield><controlfield tag="008">751101c19309999vaucr ne      0   a0eng d</controlfield><datafield ind1=" " ind2=" " tag="010"><subfield code="a">sn 78001797 </subfield></datafield><datafield ind1=" " ind2=" " tag="040"><subfield code="a">MUL</subfield><subfield code="b">eng</subfield><subfield code="c">MUL</subfield><subfield code="d">COO</subfield><subfield code="d">NSD</subfield><subfield code="d">NPY</subfield><subfield code="d">NPU</subfield><subfield code="d">DLC</subfield><subfield code="d">MUL</subfield><subfield code="d">NLG</subfield><subfield code="d">NST</subfield><subfield code="d">KNP</subfield><subfield code="d">MGN</subfield><subfield code="d">NVK</subfield><subfield code="d">OCL</subfield><subfield code="d">DLC</subfield><subfield code="d">NVK</subfield><subfield code="d">OCLCQ</subfield><subfield code="d">CUS</subfield><subfield code="d">OCLCF</subfield><subfield code="d">DLC</subfield></datafield><datafield ind1=" " ind2=" " tag="012"><subfield code="i">9009</subfield><subfield code="k">1</subfield><subfield code="l">1</subfield><subfield code="m">1</subfield></datafield><datafield ind1="1" ind2=" " tag="022"><subfield code="a">0049-6480</subfield><subfield code="l">0049-6480</subfield><subfield code="2">1</subfield></datafield><datafield ind1="1" ind2=" " tag="029"><subfield code="a">AU@</subfield><subfield code="b">000004527948</subfield></datafield><datafield ind1="1" ind2=" " tag="029"><subfield code="a">ZWZ</subfield><subfield code="b">038833565</subfield></datafield><datafield ind1=" " ind2=" " tag="032"><subfield code="a">660480</subfield><subfield code="b">USPS</subfield></datafield><datafield ind1=" " ind2=" " tag="037"><subfield code="b">Virginia gazette Inc., P.O. Box 419, Williamsburg, Va. 23187</subfield></datafield><datafield ind1=" " ind2=" " tag="042"><subfield code="a">nsdp</subfield><subfield code="a">msc</subfield></datafield><datafield ind1=" " ind2=" " tag="043"><subfield code="a">n-us-va</subfield></datafield><datafield ind1="0" ind2="0" tag="050"><subfield code="a">Newspaper</subfield></datafield><datafield ind1="0" ind2=" " tag="130"><subfield code="a">Virginia gazette (Williamsburg, Va. : 1930)</subfield></datafield><datafield ind1=" " ind2="0" tag="222"><subfield code="a">Virginia gazette</subfield><subfield code="b">(1930)</subfield></datafield><datafield ind1="0" ind2="4" tag="245"><subfield code="a">The Virginia gazette.</subfield></datafield><datafield ind1=" " ind2=" " tag="260"><subfield code="a">Williamsburg, Va. :</subfield><subfield code="b">J.A. Osborne,</subfield><subfield code="c">1930-</subfield></datafield><datafield ind1=" " ind2=" " tag="300"><subfield code="a">v. :</subfield><subfield code="b">ill. ;</subfield><subfield code="c">44 cm.</subfield></datafield><datafield ind1=" " ind2=" " tag="310"><subfield code="a">Semiweekly,</subfield><subfield code="b">&lt;June 27, 1984-   &gt;</subfield></datafield><datafield ind1=" " ind2=" " tag="321"><subfield code="a">Weekly,</subfield><subfield code="b">&lt;Jan. 10, 1930-June 20, 1984&gt;</subfield></datafield><datafield ind1="0" ind2=" " tag="362"><subfield code="a">Vol. 1, no. 1 (Jan. 10, 1930)-</subfield></datafield><datafield ind1=" " ind2=" " tag="500"><subfield code="a">Publisher varies: Virginia Gazette, Inc., &lt;1972&gt;-</subfield></datafield><datafield ind1=" " ind2=" " tag="500"><subfield code="a">"Containing the freshest advices, foreign and domestick."</subfield></datafield><datafield ind1=" " ind2=" " tag="500"><subfield code="a">Published on Thursday during Christmas and New Year holidays; on Wednesday and Saturday all other times after June 9, 1984.</subfield></datafield><datafield ind1=" " ind2=" " tag="500"><subfield code="a">Oct. 25, 1957 includes a supplement commemorating the visit of Her Majesty the Queen II to Jamestown and Williamsburg in October of 1957.</subfield></datafield><datafield ind1=" " ind2=" " tag="515"><subfield code="a">Issue for July 3, 1931 is new ser., v. 2, no. 27.</subfield></datafield><datafield ind1=" " ind2=" " tag="530"><subfield code="a">Also available on microfilm from Bell &amp; Howell, Micro Photo Div.; available from ProQuest, &gt;2000-&gt;</subfield></datafield><datafield ind1=" " ind2="0" tag="651"><subfield code="a">Williamsburg (Va.)</subfield><subfield code="v">Newspapers.</subfield></datafield><datafield ind1=" " ind2="7" tag="651"><subfield code="a">Virginia</subfield><subfield code="z">Williamsburg.</subfield><subfield code="2">fast</subfield><subfield code="0">(OCoLC)fst01205036</subfield></datafield><datafield ind1=" " ind2="7" tag="655"><subfield code="a">Newspapers.</subfield><subfield code="2">fast</subfield><subfield code="0">(OCoLC)fst01423814</subfield></datafield><datafield ind1=" " ind2=" " tag="752"><subfield code="a">United States</subfield><subfield code="b">Virginia</subfield><subfield code="d">Williamsburg.</subfield></datafield><datafield ind1="0" ind2=" " tag="770"><subfield code="t">College observer</subfield><subfield code="w">(DLC)sn 97067007</subfield></datafield><datafield ind1="0" ind2=" " tag="770"><subfield code="t">Public observer</subfield><subfield code="w">(DLC)sn 78002217</subfield></datafield><datafield ind1="0" ind2=" " tag="770"><subfield code="t">Williamsburg's public observer</subfield><subfield code="w">(DLC)sn 97067012</subfield></datafield><datafield ind1=" " ind2=" " tag="850"><subfield code="a">Az</subfield></datafield><datafield ind1=" " ind2=" " tag="936"><subfield code="a">Dec. 29, 1999 LIC</subfield></datafield></record>